@book{diverg-resurg-i,
  author = "Claude Mitschi and David Sauzin",
  title = "Divergent Series, Summability and Resurgence I: Monodromy and Resurgence",
  series = "Lecture Notes in Mathematics",
  number = "2153",
  year = "2016"
}

@book{laplace-tfm,
  author = "Joel L. Schiff",
  title = "The Laplace Transform: Theory and Applications",
  publisher = "Springer",
  year = "1999"
}

@misc{dlmf,
  title = "{NIST} Digital Library of Mathematical Functions",
  howpublished = "\url{http://dlmf.nist.gov}, Release 1.1.3 of 2021-09-15",
  note = "F.~W.~J. Olver, A.~B. {Olde Daalhuis}, D.~W. Lozier, B.~I. Schneider, R.~F. Boisvert, C.~W. Clark, B.~R. Miller, B.~V. Saunders, H.~S. Cohl, and M.~A. McClain, editors"
}

@book{math-analysis-ii,
    AUTHOR = {Zorich, Vladimir A.},
     TITLE = {Mathematical analysis. {II}},
    SERIES = {Universitext},
   EDITION = {Second},
 PUBLISHER = {Springer, Heidelberg},
      YEAR = {2016},
     PAGES = {xx+720},
      ISBN = {978-3-662-48991-8; 978-3-662-48993-2},
   MRCLASS = {00-01 (26-01 58-01)},
  MRNUMBER = {3445604},
       DOI = {10.1007/978-3-662-48993-2},
       URL = {https://doi.org/10.1007/978-3-662-48993-2},
}
