@book {Del,
    AUTHOR = {Delabaere, Eric},
     TITLE = {Divergent series, summability and resurgence. {III}},
    SERIES = {Lecture Notes in Mathematics},
    VOLUME = {2155},
      NOTE = {Resurgent methods and the first Painlev\'{e} equation,
              With prefaces by Jean-Pierre Ramis, Mich\`ele Loday-Richaud,
              Claude Mitschi and David Sauzin},
 PUBLISHER = {Springer, [Cham]},
      YEAR = {2016},
     PAGES = {xxii+230},
      ISBN = {978-3-319-28999-1; 978-3-319-29000-3},
   MRCLASS = {40-02 (34-02 34M30 34M40 34M55 40A05 40A30 40Cxx)},
  MRNUMBER = {3495547},
MRREVIEWER = {Francisco Marcell\'{a}n},
       DOI = {10.1007/978-3-319-29000-3},
       URL = {https://doi.org/10.1007/978-3-319-29000-3},
}
@book {MS,
    AUTHOR = {Mitschi, Claude and Sauzin, David},
     TITLE = {Divergent series, summability and resurgence. {I}},
    SERIES = {Lecture Notes in Mathematics},
    VOLUME = {2153},
      NOTE = {Monodromy and resurgence,
              With a foreword by Jean-Pierre Ramis and a preface by \'{E}ric
              Delabaere, Mich\`ele Loday-Richaud, Claude Mitschi and David
              Sauzin},
 PUBLISHER = {Springer, [Cham]},
      YEAR = {2016},
     PAGES = {xxi+298},
      ISBN = {978-3-319-28735-5; 978-3-319-28736-2},
   MRCLASS = {40-02 (30B40 34M35 37F10 40A05)},
  MRNUMBER = {3526111},
MRREVIEWER = {Francisco Marcell\'{a}n},
       DOI = {10.1007/978-3-319-28736-2},
       URL = {https://doi.org/10.1007/978-3-319-28736-2},
}
@article {Bou,
    AUTHOR = {Boutroux, P.},
     TITLE = {Recherches sur les transcendantes de {M}. {P}ainlev\'{e} et
              l'\'{e}tude asymptotique des \'{e}quations diff\'{e}rentielles du second
              ordre (suite)},
   JOURNAL = {Ann. Sci. \'{E}cole Norm. Sup. (3)},
  FJOURNAL = {Annales Scientifiques de l'\'{E}cole Normale Sup\'{e}rieure. Troisi\`eme
              S\'{e}rie},
    VOLUME = {31},
      YEAR = {1914},
     PAGES = {99--159},
      ISSN = {0012-9593},
   MRCLASS = {DML},
  MRNUMBER = {1509174},
       URL = {http://www.numdam.org/item?id=ASENS_1914_3_31__99_0},
}
@book {CostinBook,
    AUTHOR = {Costin, Ovidiu},
     TITLE = {Asymptotics and {B}orel summability},
    SERIES = {Chapman \& Hall/CRC Monographs and Surveys in Pure and Applied
              Mathematics},
    VOLUME = {141},
 PUBLISHER = {CRC Press, Boca Raton, FL},
      YEAR = {2009},
     PAGES = {xiv+250},
      ISBN = {978-1-4200-7031-6},
   MRCLASS = {34-02 (34M30 34M37 34M40 34M55 39A11 40G10)},
  MRNUMBER = {2474083},
MRREVIEWER = {B. L. J. Braaksma},
}
@article {WCF2d-4d,
    AUTHOR = {Gaiotto, D. and Moore, G. W. and Neitzke, A.},
     TITLE = {{W}all-{C}rossing in coupled 2d-4d systems},
   JOURNAL = {J. High Energy Phys.},
  FJOURNAL = {Journal of High Energy Physics},
      YEAR = {2012},
    NUMBER = {12},
     PAGES = {082, front matter + 166},
      ISSN = {1126-6708},
   MRCLASS = {81T60},
  MRNUMBER = {3045271},
       DOI = {10.1007/JHEP12(2012)082},
       URL = {https://doi.org/10.1007/JHEP12(2012)082},
}	
@incollection {KS,
    AUTHOR = {Kontsevich, M. and Soibelman, Y.},
     TITLE = {Affine structures and non-{A}rchimedean analytic spaces},
 BOOKTITLE = {The unity of mathematics},
    SERIES = {Progr. Math.},
    VOLUME = {244},
     PAGES = {321--385},
 PUBLISHER = {Birkh\"{a}user Boston, Boston, MA},
      YEAR = {2006},
MRREVIEWER = {Mark Gross},
       DOI = {10.1007/0-8176-4467-9_9},
       URL = {https://doi.org/10.1007/0-8176-4467-9_9},
}
@Unpublished{WCFKS,
  author     = {Kontsevich, M. and Soibelman, Y.},
  title      = {Stability structures, motivic {D}onaldson-{T}homas invariants and cluster transformations},
  year       = {2008},
note         = {\href{https://arxiv.org/abs/0811.2435}{arXiv:0811.2435}},
}

@article {KS21,
    AUTHOR = {Kontsevich, Maxim and Soibelman, Yan},
     TITLE = {Analyticity and resurgence in wall-crossing formulas},
   JOURNAL = {Lett. Math. Phys.},
  FJOURNAL = {Letters in Mathematical Physics},
    VOLUME = {112},
      YEAR = {2022},
    NUMBER = {2},
     PAGES = {Paper No. 32, 56},
      ISSN = {0377-9017,1573-0530},
   MRCLASS = {17B66 (14J81 32C99 81Q20)},
  MRNUMBER = {4403710},
MRREVIEWER = {Paul\ A.\ Hacking},
       DOI = {10.1007/s11005-022-01529-y},
       URL = {https://doi.org/10.1007/s11005-022-01529-y},
}
@incollection {stokes--Boalch,
    AUTHOR = {Boalch, P. P.},
     TITLE = {Topology of the {S}tokes phenomenon},
 BOOKTITLE = {Integrability, quantization, and geometry. {I}. {I}ntegrable
              systems},
    SERIES = {Proc. Sympos. Pure Math.},
    VOLUME = {103.1},
     PAGES = {55--100},
 PUBLISHER = {Amer. Math. Soc., Providence, RI},
      YEAR = {[2021] \copyright 2021},
      ISBN = {978-1-4704-5591-0},
   MRCLASS = {32G34 (14D20 14H15 33C10 34M35 34M40)},
  MRNUMBER = {4285677},
       DOI = {10.1090/pspum/103.1/01832},
       URL = {https://doi.org/10.1090/pspum/103.1/01832},
}
@Unpublished{GK20,
  author     = {Garoufalidis, S. and Kashaev, R.},
  title      = {{R}esurgence of {F}addeev's quantum dilogarithm},
  year       = {2020},
note         = {\href{https://arxiv.org/abs/2008.12465}{arXiv:2008.12465}},
}
@incollection{dlmf,
  title={The DLMF Project: A new initiative in classical special functions},
  author={Lozier, Daniel W},
  booktitle={Special Functions},
  pages={207--220},
  year={2000},
  publisher={World Scientific}
}
@article{dunne-unsal,
  title={What is QFT? Resurgent trans-series, Lefschetz thimbles, and new exact saddles},
  author={Dunne, Gerald V and Unsal, Mithat},
  journal={arXiv preprint arXiv:1511.05977},
  year={2015}
}