% Encoding: UTF-8
@book{diverg-resurg-i,
  author = "C. Mitschi and D. Sauzin",
  title = "Divergent Series, Summability and Resurgence I: Monodromy and Resurgence",
PUBLISHER = {Springer, [Cham]},
  series = "Lecture Notes in Mathematics",
  number = "2153",
  year = "2016",
}
@book {diverg-resurg-iii,
    AUTHOR = {Delabaere, Eric},
     TITLE = {Divergent series, summability and resurgence. {III}},
    SERIES = {Lecture Notes in Mathematics},
    VOLUME = {2155},
      NOTE = {Resurgent methods and the first Painlev\'{e} equation,
              With prefaces by Jean-Pierre Ramis, Mich\`ele Loday-Richaud, Claude Mitschi and David Sauzin},
 PUBLISHER = {Springer},
      YEAR = {2016},
     PAGES = {xxii+230},
      ISBN = {978-3-319-28999-1; 978-3-319-29000-3},
   MRCLASS = {40-02 (34-02 34M30 34M40 34M55 40A05 40A30 40Cxx)},
  MRNUMBER = {3495547},
MRREVIEWER = {Francisco Marcell\'{a}n},
       DOI = {10.1007/978-3-319-29000-3}
}
@book{laplace-tfm,
  author = "J. L. Schiff",
  title = "The Laplace Transform: Theory and Applications",
  publisher = "Springer",
  year = "1999",
}
@book{Arnold,
  author = " V. I. Arnold and S. M. Gusein-Zade and A. N. Varchenko",
  title = "{Singularities of Differentiable Maps: Volume {II} {M}onodromy and {A}symptotic {I}ntegrals}",
  note= " Monographs in Mathematics (MMA, volume 83)",
 PUBLISHER = {Birkh\"auser Boston, MA},
      YEAR = {1988},
}
@misc{Maxim_lectures,
  TITLE = "{IHES} {L}ectures",
  AUTHOR = {Kontsevich, Maxim},
  howpublished = "\url{https://www.youtube.com/watch?v=tM25X6AI5dY}, Release 1.1.3 of 2021-09-15",
}
@misc{Maxim_talk_2023,
  TITLE = "Introduction to Resurgence via Wall-crossing Structures part 4",
  AUTHOR = {Kontsevich, Maxim},
  howpublished = "https://www.youtube.com/watch?v=7NVrM2yBxTQ",
}
@misc{Maxim_slide_ERC,
  TITLE = "{ERC} {R}e{N}ew{Q}auntum talk by {M}. Kontsevich",
  author ="Kontsevich, Maxim ",
  howpublished = "\url{https://www.youtube.com/watch?v=krf0pXjTl9s}",
  }
@incollection {pham,
    AUTHOR = {Pham, F.},
     TITLE = {La descente des cols par les onglets de {L}efschetz, avec vues sur {G}auss-{M}anin},
      NOTE = {Differential systems and singularities (Luminy, 1983)},
   JOURNAL = {Ast\'{e}risque},
  FJOURNAL = {Ast\'{e}risque},
    NUMBER = {130},
      YEAR = {1985},
     PAGES = {11--47},
      ISSN = {0303-1179},
   MRCLASS = {32B30 (32C40 44A10)},
  MRNUMBER = {804048},
}
@article {Dorigoni,
    AUTHOR = {Dorigoni, D.},
     TITLE = {An introduction to resurgence, trans-series and alien
              calculus},
   JOURNAL = {Ann. Physics},
  FJOURNAL = {Annals of Physics},
    VOLUME = {409},
      YEAR = {2019},
     PAGES = {167914, 38},
      ISSN = {0003-4916},
   MRCLASS = {30B10 (26A24 44A10 44A35 81S40)},
  MRNUMBER = {4000056},
       DOI = {10.1016/j.aop.2019.167914}
}
@book {EcalleIII,
    AUTHOR = {\'{E}calle, J.},
     TITLE = {Les fonctions r\'{e}surgentes. {T}ome {III}},
    SERIES = {Publications Math\'{e}matiques d'Orsay [Mathematical Publications
              of Orsay]},
    VOLUME = {85},
      NOTE = {L'\'{e}quation du pont et la classification analytique des objects
              locaux. [The bridge equation and analytic classification of local objects]},
 PUBLISHER = {Universit\'{e} de Paris-Sud, D\'{e}partement de Math\'{e}matiques, Orsay},
      YEAR = {1985},
     PAGES = {587},
   MRCLASS = {32Bxx (30B40 32A10 34-02 58C07 58F08)},
  MRNUMBER = {852210},
MRREVIEWER = {Carlos A. Berenstein},
}
@book {EcalleII,
    AUTHOR = {\'{E}calle, J.},
     TITLE = {Les fonctions r\'{e}surgentes. {T}ome {II}},
    SERIES = {Publications Math\'{e}matiques d'Orsay 81 [Mathematical Publications of Orsay 81]},
    VOLUME = {6},
      NOTE = {Les fonctions r\'{e}surgentes appliqu\'{e}es \`a l'it\'{e}ration. [Resurgent
              functions applied to iteration]},
 PUBLISHER = {Universit\'{e} de Paris-Sud, D\'{e}partement de Math\'{e}matiques, Orsay},
      YEAR = {1981},
     PAGES = {248--531},
   MRCLASS = {30F99 (22E65 39B99)},
  MRNUMBER = {670418},
MRREVIEWER = {Carlos A. Berenstein},
}
@book {EcalleI,
    AUTHOR = {\'{E}calle, J.},
     TITLE = {Les fonctions r\'{e}surgentes. {T}ome {I}},
    SERIES = {Publications Math\'{e}matiques d'Orsay 81 [Mathematical
              Publications of Orsay 81]},
    VOLUME = {5},
      NOTE = {Les alg\`ebres de fonctions r\'{e}surgentes. [The algebras of resurgent functions],
              With an English foreword},
 PUBLISHER = {Universit\'{e} de Paris-Sud, D\'{e}partement de Math\'{e}matiques, Orsay},
      YEAR = {1981},
     PAGES = {247},
   MRCLASS = {30F99 (39B99)},
  MRNUMBER = {670417},
MRREVIEWER = {Carlos A. Berenstein},
}
@article{int-irreg,
  author = {H. Poincar{\'e}},
  title = {Sur les int√©grales irr\'{e}guli\`{e}res: Des \'{e}quations lin\'{e}aires},
  volume = {8},
  journal = {Acta Mathematica},
  publisher = {Institut Mittag-Leffler},
  pages = {295 -- 344},
  year = {1900},
  doi = {10.1007/BF02417092}
}
@article {BH,
    AUTHOR = {Berry, M. V. and Howls, C. J.},
     TITLE = {Hyperasymptotics for integrals with saddles},
   JOURNAL = {Proc. Roy. Soc. London Ser. A},
  FJOURNAL = {Proceedings of the Royal Society. London. Series A.
              Mathematical, Physical and Engineering Sciences},
    VOLUME = {434},
      YEAR = {1991},
    NUMBER = {1892},
     PAGES = {657--675},
      ISSN = {0962-8444},
   MRCLASS = {41A60 (30E15 65D32)},
  MRNUMBER = {1126872},
MRREVIEWER = {Andreas Guthmann},
       DOI = {10.1098/rspa.1991.0119}
}
@article {Schiappa,
    AUTHOR = {Aniceto, I. and Ba\c{s}ar, G. and Schiappa, R.},
     TITLE = {A primer on resurgent transseries and their asymptotics},
   JOURNAL = {Phys. Rep.},
  FJOURNAL = {Physics Reports. A Review Section of Physics Letters},
    VOLUME = {809},
      YEAR = {2019},
     PAGES = {1--135},
      ISSN = {0370-1573},
   MRCLASS = {81Txx},
  MRNUMBER = {3955133},
       DOI = {10.1016/j.physrep.2019.02.003}
}
@incollection {KKP,
    AUTHOR = {Katzarkov, L. and Kontsevich, M. and Pantev, T.},
     TITLE = {Hodge theoretic aspects of mirror symmetry},
 BOOKTITLE = {From {H}odge theory to integrability and {TQFT} tt*-geometry},
    SERIES = {Proc. Sympos. Pure Math.},
    VOLUME = {78},
     PAGES = {87--174},
 PUBLISHER = {Amer. Math. Soc., Providence, RI},
      YEAR = {2008},
   MRCLASS = {14J32 (14A22 14C30 34M40)},
  MRNUMBER = {2483750},
MRREVIEWER = {Mark Gross},
       DOI = {10.1090/pspum/078/2483750}
}
@book{math-analysis-ii,
    AUTHOR = {Zorich, Vladimir A.},
     TITLE = {Mathematical analysis. {II}},
    SERIES = {Universitext},
   EDITION = {Second},
 PUBLISHER = {Springer, Heidelberg},
      YEAR = {2016},
     PAGES = {xx+720},
      ISBN = {978-3-662-48991-8; 978-3-662-48993-2},
   MRCLASS = {00-01 (26-01 58-01)},
  MRNUMBER = {3445604},
       DOI = {10.1007/978-3-662-48993-2}
}
@book{local-viewpoint,
	author = "Linda Keen and Nikola Lakic",
	title = "Hyperbolic Geometry from a Local Viewpoint",
	series = "London Mathematical Society Student Texts",
	volume = 68,
	publisher = "Cambridge University Press",
	year = 2007
}
@incollection {Witten,
    AUTHOR = {Witten, E.},
     TITLE = {Analytic continuation of {C}hern-{S}imons theory},
 BOOKTITLE = {Chern-{S}imons gauge theory: 20 years after},
    SERIES = {AMS/IP Stud. Adv. Math.},
    VOLUME = {50},
     PAGES = {347--446},
 PUBLISHER = {Amer. Math. Soc., Providence, RI},
      YEAR = {2011},
   MRCLASS = {81T45 (58J28)},
  MRNUMBER = {2809462},
MRREVIEWER = {Piotr Su\l kowski},
}
@inproceedings{Delabaere-Pham99,
  title={Resurgent methods in semi-classical asymptotics},
  author={Delabaere, Eric and Pham, Fr{\'e}d{\'e}ric},
  booktitle={Annales de l'IHP Physique th{\'e}orique},
  volume={71},
  number={1},
  pages={1--94},
  year={1999}
}
@inproceedings{malgrange92,
  title={Fonctions multisommables},
  author={Malgrange, Bernard and Ramis, Jean-Pierre},
  booktitle={Annales de l'institut Fourier},
  volume={42},
  number={1-2},
  pages={353--368},
  year={1992}
}

@inproceedings{Malgrange22,
  title={M{\'e}thode de la phase stationnaire et sommation de Borel},
  author={Malgrange, Bernard},
  booktitle={Complex Analysis, Microlocal Calculus and Relativistic Quantum Theory: Proceedings of the Colloquium Held at Les Houches, Centre de Physique September 1979},
  pages={170--177},
  year={2005},
  organization={Springer}
}
@book{dlmf,
  title = "{NIST Digital Library of Mathematical Functions}",
  note = "Release 1.2.1 of 2024-06-15",
  url = "https://dlmf.nist.gov/",
  editor = "Olver, F.~W.~J. and Olde Daalhuis, A.~B. and Lozier, D.~W. and Schneider, B.~I. and Boisvert, R.~F. and Clark, C.~W. and Miller, B.~R. and Saunders, B.~V. and Cohl, H.~S. and McClain, M.~A."
}
@article{dunne-unsal,
  title={What is QFT? Resurgent trans-series, Lefschetz thimbles, and new exact saddles},
  author={Dunne, Gerald V and Unsal, Mithat},
  eprint={1511.05977},
  year={2015}
}
@article{loday-Remy2011,
  title={Resurgence, {S}tokes phenomenon and alien derivatives for level-one linear differential systems},
  author={Loday-Richaud, Mich{\`e}le and Remy, Pascal},
  journal={Journal of Differential Equations},
  volume={250},
  number={3},
  pages={1591--1630},
  year={2011},
  publisher={Elsevier},
  doi={10.1016/j.jde.2010.09.018}
}
@inproceedings{malgrange--fourier,
  title={Fourier transform and differential equations},
  author={Malgrange, B},
  booktitle={Recent Developments in Quantum Mechanics: Proceedings of the Brasov Conference, Poiana Brasov 1989, Romania},
  pages={33--48},
  year={1991},
  organization={Springer}
}
@article{lectures-marino,
  title={Lectures on non-perturbative effects in large {N} gauge theories, matrix models and strings},
  author={Mari\~{n}o, Marcos},
  journal={Fortschritte der Physik},
  volume={62},
  number={5-6},
  pages={455--540},
  year={2014},
  publisher={Wiley Online Library}
}
@book{kawai-takei,
  title={Algebraic analysis of singular perturbation theory},
  author={Kawai, Takahiro and Takei, Yoshitsugu},
  volume={227},
  year={2005},
  publisher={American Mathematical Soc.}
}
@article{aniceto2019primer,
  title={A primer on resurgent transseries and their asymptotics},
  author={Aniceto, In{\^e}s and Ba{\c{s}}ar, G{\"o}k{\c{c}}e and Schiappa, Ricardo},
  journal={Physics Reports},
  volume={809},
  pages={1--135},
  year={2019},
  publisher={Elsevier}
}
@inproceedings{loday1994stokes,
  title={Stokes phenomenon, multisummability and differential {G}alois groups},
  author={Loday-Richaud, Mich{\`e}le},
  booktitle={Annales de l'institut Fourier},
  volume={44},
  pages={849--906},
  year={1994}
}
@article{schiappa-PI,
  title={Resurgent {S}tokes {D}ata for {P}ainleve {E}quations and {T}wo-{D}imensional {Q}uantum ({S}uper) {G}ravity},
  author={Baldino, Salvatore and Schiappa, Ricardo and Schwick, Maximilian and Vega, Roberto},
  eprint={2203.13726},
  year={2022}
}
@article{costin-PI,
  title={Resurgent extrapolation: rebuilding a function from asymptotic data. {P}ainlev{\'e} {I}},
  author={Costin, Ovidiu and Dunne, Gerald V},
  journal={Journal of Physics A: Mathematical and Theoretical},
  volume={52},
  number={44},
  pages={445205},
  year={2019},
  publisher={IOP Publishing}
}
@article{kontsevich2022analyticity,
  title={Analyticity and resurgence in wall-crossing formulas},
  author={Kontsevich, Maxim and Soibelman, Yan},
  journal={Letters in Mathematical Physics},
  volume={112},
  number={2},
  pages={32},
  year={2022},
  publisher={Springer}
}
@article {charbonnier22,
    AUTHOR = {Charbonnier, S\'{e}verin and Chidambaram, Nitin Kumar and
              Garcia-Failde, Elba and Giacchetto, Alessandro},
     TITLE = {Shifted {W}itten classes and topological recursion},
   JOURNAL = {Trans. Amer. Math. Soc.},
  FJOURNAL = {Transactions of the American Mathematical Society},
    VOLUME = {377},
      YEAR = {2024},
    NUMBER = {2},
     PAGES = {1069--1110},
      ISSN = {0002-9947,1088-6850},
   MRCLASS = {14H10 (14H70 34E05 81R10)},
  MRNUMBER = {4688543},
       DOI = {10.1090/tran/9046}
}
@article{koornwinder2015fractional,
  title={Fractional integral and generalized {S}tieltjes transforms for hypergeometric functions as transmutation operators},
  author={Koornwinder, Tom H and others},
  journal={SIGMA. Symmetry, Integrability and Geometry: Methods and Applications},
  volume={11},
  pages={074},
  year={2015},
  publisher={SIGMA. Symmetry, Integrability and Geometry: Methods and Applications}
}
@article{nikolaev2023existence,
  title={Existence and Uniqueness of {E}xact {WKB} {S}olutions for {S}econd-{O}rder {S}ingularly {P}erturbed {L}inear {ODE}s},
  author={Nikolaev, Nikita},
  journal={Communications in Mathematical Physics},
  pages={1--55},
  year={2023},
  publisher={Springer}
}
@article{nikolaev2023exact,
  title={Exact solutions for the singularly perturbed {R}iccati equation and exact {WKB} analysis},
  author={Nikolaev, Nikita},
  journal={Nagoya Mathematical Journal},
  volume={250},
  pages={434--469},
  year={2023},
  publisher={Cambridge University Press}
}
@article{sokal1980improvement,
  title={An improvement of {W}atson‚Äôs theorem on {B}orel summability},
  author={Sokal, Alan D},
  journal={Journal of Mathematical Physics},
  volume={21},
  number={2},
  pages={261--263},
  year={1980},
  publisher={American Institute of Physics}
}
@article{berry1991hyperasymptotics,
  title={Hyperasymptotics for integrals with saddles},
  author={Berry, Michael Victor and Howls, Christopher J},
  journal={Proceedings of the Royal Society of London. Series A: Mathematical and Physical Sciences},
  volume={434},
  number={1892},
  pages={657--675},
  year={1991},
  publisher={The Royal Society London}
}
@article{gupta2013meromorphic,
  title={Meromorphic quadratic differentials with half-plane structures},
  author={Gupta, Subhojoy},
  eprint={1301.0332},
  year={2013}
}
@article{zorich2006flat,
  title={Flat surfaces},
  author={Zorich, Anton},
  eprint={math/0609392},
  year={2006}
}
@article{Reid,
  title={Composite approximations to the solutions of the {O}rr-{S}ommerfeld equation},
  author={Reid, WH},
  journal={Studies in Applied Mathematics},
  volume={51},
  number={4},
  pages={341--368},
  year={1972},
  publisher={Wiley Online Library}
}
@book{drazin-reid,
  title={Hydrodynamic stability},
  author={Drazin, Philip G and Reid, William Hill},
  year={2004},
  publisher={Cambridge university press}
}
@book{sternin1995borel,
  title={Borel-{L}aplace transform and asymptotic theory: introduction to resurgent analysis},
  author={Sternin, Boris Yu and Shatalov, Victor E},
  year={1995},
  publisher={CrC Press}
}
@book{mladenov2014advanced,
  title={Advanced topics on applications of fractional calculus on control problems, system stability and modeling},
  author={Mladenov, Valeri and Mastorakis, Nikos},
  year={2014},
  publisher={World Scientific and Engineering Academy and Society}
}
@book{nevanlinna,
  title={Zur Theorie der asymptotischen Potenzreihen {I. II.}},
  author={Nevanlinna, Frithiof},
  year={1918},
  publisher={Suomalaisen tiedeakademian kustantama}
}
@inproceedings{malgrange1995sommation,
  title={Sommation des s{\'e}ries divergentes},
  author={Malgrange, Bernard},
  booktitle={Exposition. Math},
  volume={13},
  pages={163--222},
  year={1995}
}
@inproceedings{braaksma2006laplace,
  title={Laplace integrals in singular differential and difference equations},
  author={Braaksma, BLJ},
  booktitle={Ordinary and Partial Differential Equations: Proceedings of the Fifth Conference Held at Dundee, Scotland, March 29--31, 1978},
  pages={25--53},
  year={2006},
  organization={Springer}
}
@article{dingle1973asymptotic,
  title={Asymptotic expansions: their derivation and interpretation},
  author={Dingle, Robert B},
  journal={(No Title)},
  year={1973}
}
@article{delabaere-howls,
  title={Global asymptotics for multiple integrals with boundaries},
  author={Delabaere, Eric and Howls, Christopher J},
  year={2002}
}
@book{wasow2018asymptotic,
  title={Asymptotic expansions for ordinary differential equations},
  author={Wasow, Wolfgang},
  year={2018},
  publisher={Courier Dover Publications}
}
@article{watson,
  title={The transformation of an asymptotic series into a convergent series of inverse factorials [Memoir crowned by the Danish Royal Academy of Science]},
  author={Watson, George Neville},
  journal={Rendiconti del Circolo Matematico di Palermo (1884-1940)},
  volume={34},
  number={1},
  pages={41--88},
  year={1912},
  publisher={Springer}
}
@inproceedings{delabaere--rosoamanana,
  title={Sommation effective d‚Äôune somme de {B}orel par s{\'e}ries de factorielles},
  author={Delabaere, Eric and Rasoamanana, Jean-Marc},
  booktitle={Annales de l'institut Fourier},
  volume={57},
  number={2},
  pages={421--456},
  year={2007}
}
@article{ramis1991series,
  title={S{\'e}ries divergentes et proc{\'e}d{\'e}s de resommation},
  author={Ramis, J.P. and Loday-Richaud, M. and Thomann, J. and Chenciner, A.},
  journal={{\'E}cole Polytechnique, Paris, France},
  year={1991}
}
@book{watson1922treatise,
  title={A treatise on the theory of {B}essel functions},
  author={Watson, George Neville},
  volume={2},
  year={1922},
  publisher={The University Press}
}
@book{balser,
  title={Formal power series and linear systems of meromorphic ordinary differential equations},
  author={Balser, Werner},
  year={2008},
  publisher={Springer Science \& Business Media}
}
@book{diverg-resurg--ii,
  title={Divergent series, summability and resurgence {II}},
  author={Loday-Richaud, Michle},
  journal={Lecture Notes in Mathematics},
  volume={2154},
  pages={272},
  year={2016},
  publisher={Springer}
}
@phdthesis{mistegard_phdthesis,
author = {Elb√¶k Misteg√•rd, William},
year = {2019},
month = {08},
pages = {},
title = {Quantum Invariants and Chern-Simons Theory},
doi = {10.13140/RG.2.2.34989.10723}
}
@article{andersen2020resurgence,
  title={Resurgence analysis of meromorphic transforms},
  author={Andersen, J{\o}rgen Ellegaard},
  eprint={2011.01110},
  year={2020}
}
@book{fnl-cpx-anal,
  title={Complex analysis: a functional analysis approach},
  author={Luecking, D. H. and Rubel, L. A.},
  year={2012},
  publisher={Springer Science \& Business Media}
}
@phdthesis{durugo_higher,
  title={Higher-order Airy functions of the first kind and spectral properties of the massless relativistic quartic anharmonic oscillator},
  author={Durugo, Samuel O.},
  year={2014},
  school={Loughborough University}
}
@article{borel_reg,
author={Fantini, Veronica and Fenyes, Aaron},
 title={The regularity of {ODE}s and thimble integrals with respect to {B}orel summation},
eprint="2407.01412",
archivePrefix = "arXiv",
primaryClass = "math.CA",
month = "07",
year={2024}
}
@article{delabaere_dillinger_pham,
  title={Exact semiclassical expansions for one-dimensional quantum oscillators},
  author={Delabaere, Eric and Dillinger, Herv{\'e} and Pham, Fr{\'e}d{\'e}ric},
  journal={Journal of Mathematical Physics},
  volume={38},
  number={12},
  pages={6126--6184},
  year={1997},
  publisher={American Institute of Physics}
}
@article{costin_kruskal,
  title={On optimal truncation of divergent series solutions of nonlinear differential systems},
  author={Costin, Ovidiu and Kruskal, Martin D},
  journal={Proceedings of the Royal Society of London. Series A: Mathematical, Physical and Engineering Sciences},
  volume={455},
  number={1985},
  pages={1931--1956},
  year={1999},
  publisher={The Royal Society}
}
@article{bender-wu,
  title={Anharmonic oscillator},
  author={Bender, Carl M and Wu, Tai Tsun},
  journal={Physical Review},
  volume={184},
  number={5},
  pages={1231},
  year={1969},
  publisher={APS}
}
@article{gukov-marino-purtrov-resurgence,
  title={Resurgence in complex Chern-Simons theory},
  author={Gukov, Sergei and Mari\~no, Marcos and Putrov, Pavel},
  eprint={1605.07615},
  year={2016}
}
@incollection{pham1988resurgence,
  title={Resurgence, Quantized Canonical Transformations, and Multi-lnstanton Expansions},
  author={Pham, Fr{\'e}d{\'e}ric},
  booktitle={Algebraic analysis},
  pages={699--726},
  year={1988},
  publisher={Elsevier}
}
@book{joshi1983gen-top,
  author = "Kapil D. Joshi",
  title = "Introduction to General Topology",
  publisher = "New Age International",
  year = 1983
}
@book{ahlfors,
  title={Complex analysis},
  author={Martin, D and Ahlfors, LV},
  year={1966},
  publisher={New York: McGraw-Hill}
}
@book{genta2009vibration,
  title="Vibration Dynamics and Control",
  author="Giancarlo Genta",
  year=2009,
  publisher="Springer"
}
